@BOOK{Addaim2010-ym,
  title     = "Design of Low-cost Telecommunications {CubeSat-class} Spacecraft",
  author    = "Addaim, Adnane and Kherras, Abdelhaq and Zantou, El Bachir",
  publisher = "INTECH Open Access Publisher",
  year      =  2010
}

@PHDTHESIS{Greg_D_Manyak2011-xr,
  title    = "Fault Tolerant and Flexible {CubeSat} Software Architecture",
  author   = "Greg D. Manyak, California Polytechnic State University-San Luis
              Obispo",
  year     =  2011,
  school   = "California Polytechnic State University, San Luis Obispo"
}


@PHDTHESIS{cadh-architecture,
  title     = "Designing a Low Cost CubeSat's Command And Data Handling Subsystem Kit",
  author    = "Sabri, S F and Yuhaniz, S S and Kamardin, K",
  publisher = "arpnjournals.org",
  year      =  2006
}

@BOOK{obc-book,
  title     = "Onboard Computers, Onboard Software and Satellite Operations: An
               Introduction",
  author    = "Eickhoff, Jens",
  publisher = "Springer Berlin Heidelberg",
  series    = "Springer Aerospace Technology",
  year      =  2012
}


@INPROCEEDINGS{reusable-cadh,
  title     = "A reusable command and data handling system for university
               cubesat missions",
  booktitle = "2014 {IEEE} Aerospace Conference",
  author    = "Johl, S and Lightsey, E Glenn and Horton, S M and Anandayuvaraj,
               G R",
  
  pages     = "1--13",
  month     =  mar,
  year      =  2014
}

@INPROCEEDINGS{KySat-2,
  title     = "Development of a modular command and data handling architecture
               for the {KySat-2} {CubeSat}",
  booktitle = "2014 {IEEE} Aerospace Conference",
  author    = "Mitchell, C and Rexroat, J and Rawashdeh, S A and Lumpp, J",
  pages     = "1--11",
  month     =  mar,
  year      =  2014

}

@PHDTHESIS{compass-1,
  title  = "Command and data handling system design for the {COMPASS-1}
            Picosatellite",
  author = "Scholz, Artur",
  school = "University of Applied Sciences Aachen"
}

@PHDTHESIS{UIUC-sat,
  title  = "The design of a software system for a small space satellite",
  author = "Dabrowski, Michael J",
  year   =  2003,
  school = "University of Illinois at Urbana-Champaign"
}


@MANUAL{freeRTOS,
  title        = "Mastering the {FreeRTOSâ„¢} Real Time Kernel, A {Hands-On}
                  Tutorial Guide",
  author       = "Barry, Richard",
  year         =  2016,
  organization = "Real Time Engineers Ltd"
}


@MISC{tasks,
  title        = "Tasks and States - {RTOS}",
  howpublished = "\url{https://sites.google.com/site/rtosmifmim/home/tasks-and-states}",
  note         = "Accessed: 2017-5-27"
}


@INPROCEEDINGS{Schor2009-px,
  title     = "A Command and Data Handling unit for pico-satellite missions",
  booktitle = "2009 Canadian Conference on Electrical and Computer Engineering",
  author    = "Schor, D and Scowcroft, J and Nichols, C and Kinsner, W",

  pages     = "874--879",
  month     =  may,
  year      =  2009,
}


@MANUAL{AAU,
  title        = "Documentation of {AAU-Cubesat} On Board Computer Software",
  year         =  2002,
  organization = "Aalborg University"
}

@misc{finch1996watchdog,
  title={Watchdog timer for computer system reset},
  author={Finch, R. and Schieve, E.},
  url={https://www.google.com/patents/US5513319},
  year={1996},
  month=apr # "~30",
  publisher={Google Patents},
  note={US Patent 5,513,319}
}

@PHDTHESIS{I2C,
  title  = "Design and Implementation of Generic Flight Software for a
            {CubeSat}",
  author = "Heunis, Andr{\'e} Emile",
  url    = "http://citeseerx.ist.psu.edu/viewdoc/download?doi=10.1.1.838.2694&rep=rep1&type=pdf",
  file   = "All Papers/H/Heunis - Design and Implementation of Generic Flight Software for a CubeSat.pdf"
}




